/home/haekel/Desktop/bibs/multiNE.bib